<record><leader>00000cas a2200000 a 4500</leader><controlfield tag="001">33425270</controlfield><controlfield tag="008">951106d19911992fluwr ne      0    0eng c</controlfield><datafield ind1=" " ind2=" " tag="010"><subfield code="a">sn 95047250 </subfield></datafield><datafield ind1=" " ind2=" " tag="040"><subfield code="a">FUG</subfield><subfield code="b">eng</subfield><subfield code="c">FUG</subfield><subfield code="d">OCLCQ</subfield><subfield code="d">OCLCF</subfield><subfield code="d">OCLCO</subfield></datafield><datafield ind1=" " ind2=" " tag="012"><subfield code="i">9511</subfield></datafield><datafield ind1="1" ind2=" " tag="029"><subfield code="a">AU@</subfield><subfield code="b">000025888842</subfield></datafield><datafield ind1=" " ind2=" " tag="042"><subfield code="a">pcc</subfield></datafield><datafield ind1=" " ind2=" " tag="043"><subfield code="a">n-us-fl</subfield></datafield><datafield ind1="0" ind2=" " tag="130"><subfield code="a">Sun-journal (Brooksville, Fla. : 1991)</subfield></datafield><datafield ind1="1" ind2="4" tag="245"><subfield code="a">The sun-journal.</subfield></datafield><datafield ind1=" " ind2=" " tag="260"><subfield code="a">Brooksville, Fla. :</subfield><subfield code="b">Park Newspapers of Florida,</subfield><subfield code="c">1991-1992.</subfield></datafield><datafield ind1=" " ind2=" " tag="300"><subfield code="a">2 v.</subfield></datafield><datafield ind1=" " ind2=" " tag="310"><subfield code="a">Weekly</subfield></datafield><datafield ind1="0" ind2=" " tag="362"><subfield code="a">104th year, no. 54 (Mar. 20, 1991)-105th year, no. 23 (June 17, 1992).</subfield></datafield><datafield ind1=" " ind2=" " tag="530"><subfield code="a">Also issued on microfilm from the University of Florida.</subfield></datafield><datafield ind1=" " ind2="0" tag="651"><subfield code="a">Brooksville (Fla.)</subfield><subfield code="v">Newspapers.</subfield></datafield><datafield ind1=" " ind2="0" tag="651"><subfield code="a">Hernando County (Fla.)</subfield><subfield code="v">Newspapers.</subfield></datafield><datafield ind1=" " ind2="7" tag="655"><subfield code="a">Newspapers.</subfield><subfield code="2">fast</subfield><subfield code="0">(OCoLC)fst01423814</subfield></datafield><datafield ind1=" " ind2="7" tag="651"><subfield code="a">Florida</subfield><subfield code="z">Brooksville.</subfield><subfield code="2">fast</subfield><subfield code="0">(OCoLC)fst01215784</subfield></datafield><datafield ind1=" " ind2="7" tag="651"><subfield code="a">Florida</subfield><subfield code="z">Hernando County.</subfield><subfield code="2">fast</subfield><subfield code="0">(OCoLC)fst01214946</subfield></datafield><datafield ind1=" " ind2=" " tag="752"><subfield code="a">United States</subfield><subfield code="b">Florida</subfield><subfield code="c">Hernando</subfield><subfield code="d">Brooksville.</subfield></datafield><datafield ind1="1" ind2=" " tag="776"><subfield code="c">Microfilm</subfield><subfield code="d">George A. Smathers Libraries, University of Florida</subfield><subfield code="w">(DLC)sn 96027628</subfield><subfield code="w">(OCoLC)35218136</subfield></datafield><datafield ind1="0" ind2="0" tag="780"><subfield code="t">Daily sun-journal</subfield><subfield code="w">(DLC)sn 95047249</subfield><subfield code="w">(OCoLC)33425268</subfield></datafield><datafield ind1=" " ind2=" " tag="850"><subfield code="a">FU</subfield></datafield></record>